@MVBOOK{kormen,
    author = {Кормен, Т. and Лейзерсон, Ч. and Ривест, Р.},
    title = {Алгоритмы: Построение и анализ},
    edition = {6-е изд},
    year = {2001}, 
    language = {russian},
    publisher = {МЦНМО},
    location = {М.},
    hyphenation = {russian},
    pages = 955
}

@ONLINE{erl,
	title = {Erlang},
	language = {russian},
	url = {https://ru.wikipedia.org/wiki/Erlang}
}

@ONLINE{RBdelete,
	title = {The missing method: Deleting from Okasaki's red-black trees},
	language = {english},
	hyphenation = {english},
	url = {http://matt.might.net/articles/red-black-delete/},
}

@ONLINE{ordsetsR,
	title = {Repository Erlang-OTP/ordsets},
	language = {english},
	url = {https://github.com/blackberry/Erlang-OTP/blob/master/lib/stdlib/src/ordsets.erl},
}

@ONLINE{setsR,
	title = {Repository Erlang-OTP/sets},
	language = {english},
	url = {https://github.com/blackberry/Erlang-OTP/blob/master/lib/stdlib/src/sets.erl},
}

@ONLINE{osetR,
	title = {Repository VladBytsyuk/oset},
	language = {english},
	url = {https://github.com/VladBytsyuk/Oset-Erlang/blob/oset.erl},
}
